2929 4235
1310 59 166 120 10

452 338 819 113 sil ist le ne en cest mois

445 430 844 99 il puet bien uiure pour

445 515 848 109 ce que la lune pooste sur

445 592 858 120 la uie. ⁊ puis retorne sa

441 674 898 134 turne apooster sur le mois

441 776 848 113 8 ͤ. adonc alegera lemou

441 854 838 123 uement du salil. ⁊ sil a

445 938 855 124 uient cause soit ou cors

441 1026 859 120 ala fame ꝑ maladie quil

438 1108 883 134 li auient ou de par chose

434 1203 837 120 delarme ausi com peur

434 1288 898 127 qui li uient soudeinemẽt

431 1386 826 110 ꝑ quoi lesalil isse en ce

438 1475 805 109 mois il mourra li ⁊ sa

431 1556 872 116 mere. ⁊ lupit͛ est segne

431 1651 876 110 ur sur le mois .9. ⁊ pour

427 1729 834 116 ce issent li plus des nes

427 1817 852 113 en ce mois. Et est tel qͥ

427 1898 869 110 sacent iusques entre le

427 1990 862 123 mois .10. que soit mars

423 2075 810 120 segneur sur li. ⁊ ierre

423 2173 870 113 istra du uentre pource

416 2265 827 106 qͥ mars ẽ ꝑ sa nature

416 2332 866 131 sur asses de mouuemẽs.

420 2424 880 124 mes cil qui i sont ne il ui

416 2526 841 113 uent pecit. ⁊ cil qui est

416 2611 901 113 nes ou mois . ii. q̃ adonc

409 2699 848 113 le soleil pooste sur de

413 2784 678 109 mois il uit plus.

565 2844 738 138 outes les manieres

568 2960 728 106 du ne uos acõmen

402 3042 866 120 cerai ie aramenteuoir

409 3126 855 113 ⁊ les manͥes de ses ꝑẽs

413 3211 823 169 ⁊ ses freres ⁊ sa fame

1427 338 897 110 sur le corage as anciens .

1445 416 840 116 Et dit bertelemyus

1423 518 848 117 a tout ce meesmes que

1423 599 838 117 la racine est auenant

1420 691 823 117 a estre que ce soit le

1423 758 841 131 gͣ g͛minant ou point

1420 864 572 113 de la natiuite

1427 938 830 113 sa iouste en sambleli.

1427 1034 813 109 Et enoch dit q̃ du gͣ

1413 1122 904 109 qui g͛mine en leure de

1416 1206 894 120 la goute pourons nous

1409 1295 855 116 sauoir toutes les auẽ

1409 1383 809 120 tures qui auenront

1413 1478 858 113 au salil duques a donc

1406 1556 844 113 quil isse du uentre sa

1413 1644 812 117 miere. Et du gͣ qui g͛

1409 1722 894 120 mine en leure de la na

1406 1817 844 120 tiuite pourrons nous

1406 1912 862 113 sauoir qui auenrount

1399 1993 841 110 au ne tant com il est

1399 2089 886 116 ence siecle. car qnͣt il rst

1399 2177 841 113 du uentre sa mere il

1395 2255 848 123 recoit la force de lair.

1402 2346 809 124 ⁊ de cele force recort

1395 2445 820 110 il la force de larme.

1392 2530 939 106 souureine auers le mel

1395 2611 845 106 lement doson cors ⁊

1392 2692 833 120 la nature de lair. ⁊ il

1399 2777 862 120 dit mout bien. sur ce

1399 2865 809 113 nauons nous point

1385 2936 840 134 de mestier ou gͣ g͛mi

1385 3042 893 120 nant en leure de la go

1385 3123 844 113 ute. Et pource quil

1381 3208 908 158 soit plus legier sur les
