2943 4160
659 332 815 101 regarde se les iours sont

655 409 795 111 pres de lissue du ne. et

655 485 792 104 entre uenus ⁊ m͛cure q̃

655 575 819 104 ce sont les estoiles bas

655 655 819 107 ses et leur nature est

659 752 812 111 procheine ala nature

655 832 809 117 de la lune ou lieu q̃ la

659 918 822 125 lune doit estre illuec

655 1008 840 118 en leure de la natiuite

659 1095 815 114 ⁊ sort pooste ou lieu a

659 1178 829 115 uenus ou a m͛cure re

652 1261 819 108 garde en leure q̃ ẽ la

655 1341 802 121 lune sur regard qͣrte

659 1435 833 121 en samble lestoile qui

659 1525 847 111 ẽ ou degre le ramẽteu

655 1601 851 118 a donc istra le ne auant.

645 1691 868 115 .R. iors des iours deles

655 1778 854 111 tage qui iafiert. car po

659 1854 805 118 urce que sont uenus

662 1941 903 128 ⁊ m͛cure legiers. il font

659 2021 826 135 haster loeure de la lu

662 2128 806 114 ne. et se uenus ou

669 2215 823 118 m͛cure sont ou gͣ ram

659 2301 812 111 enteu il nont mie po

662 2392 812 107 oste ou degre a tout

659 2478 819 101 ce meesmnes q̃ la lune

659 2565 819 97 le regarde regart qrͣt

666 2638 833 118 nistra mie le ne iusq̃s

659 2714 805 118 ateingne la lune au

659 2804 812 111 degre out ꝑfaitemẽt

659 2894 833 118 du deuisemient de lesta

662 2988 826 97 ge. Et la ꝑpeillemẽt

659 3064 829 114 secont regarde sentre

666 3144 854 177 mars ou lieu de la lune

1596 318 836 125 ou point de la goute et

1596 409 826 114 il ẽ en sa meson. ou en

1596 488 850 111 la meson de sonueur ⁊

1592 572 899 131 le t͛me ẽ pris com .a. iors

1592 665 837 121 de la fin delestage. ⁊ sa

1599 755 920 115 iouste la lune auec mars.

1599 842 847 104 a donc istra le ne auant

1599 925 833 115 lestage. Et les sages

1599 1019 833 104 des signes si dient que

1599 1105 885 125 satur est seigueur sur le

1599 1185 830 132 p͛mier mois delestage

1599 1279 802 128 car la goute a mestier

1603 1355 920 135 de celi q̃ la fait estreindre

1603 1445 871 125 ⁊ serrer. Et iupit͛ si est

1603 1539 874 114 seigneur sur le mois se

1603 1618 902 118 cont. car il ensegne sur

1599 1698 847 122 larme g͛minant. ⁊ mͣs

1599 1788 924 115 est en segneur sur le mois

1606 1868 882 114 tiers. car a donc ẽ lesalil.

1592 1958 826 128 Et le soleil il ẽ en seg

1603 2052 899 114 neur fur le mois qͣrt car

1596 2135 881 132 adonc entre enli esperis

1599 2215 865 114 de uie . Et uenus ẽ seg

1599 2312 847 100 neur sur le mois .ii. et

1599 2395 837 101 ele a aite tous les mẽ

1599 2475 847 107 bres. ⁊ en belist toute

1599 2554 851 111 la figure. ⁊ m͛cure il ẽ

1606 2655 892 101 segneur sur le mois .6.

1599 2728 885 121 il depart tous les m͛bres

1603 2818 864 114 ⁊ ꝑfait tous leur aꝑpeil

1603 2905 850 107 lement. ⁊ la lune est

1606 2991 826 104 Segneur sur le mois

1589 3074 906 122 .a ͤ. ⁊ ele efforce chascun

1599 3154 861 174 mẽbre qui ẽ sur li. et
