2965 4235
1302 84 198 145 69

462 338 861 99 que ce sont .249. iors. Et

462 416 872 131 se la lune ẽ desouz la terre

469 518 865 106 ⁊ ele est pres du degre en

458 592 893 131 chinant nes. uu degre son

465 702 830 109 estage est lestage lonc

462 783 854 116 que cesont. ⁊sa. iours.

462 875 847 106 et donc entre cheuuille et

455 963 858 106 cheuille .a. iours. sur ce

462 1041 861 120 sela lune fu ou cõmence

458 1132 837 110 ment de lune des cheuil

458 1217 851 120 les nous deuons prẽdre

451 1309 886 120 la longement de sonlieu

455 1401 833 113 du cõmencement de la

455 1492 865 106 cheuille. Cõmele com

451 1570 837 113 mencent de la ligue de

444 1658 840 110 la cheuille dabisine. et

448 1746 865 110 donc ẽ lestage .290. iors

448 1828 833 102 ⁊ se la lune ne fu mie

451 1912 900 117 Ou cõmẽcement de lune

462 1990 928 127 des cheuilles nous deuons

441 2092 872 117 prendre la longement

437 2177 830 120 de son lieu du cõmẽce

441 2262 868 123 ment de la cheuille qͥ ẽ

437 2346 861 124 passee ⁊ deuons prẽdre

437 2442 851 116 chascun .13. gͣ .i. iour.

441 2530 865 113 ⁊ ce qui sa ioust͛a desiors

437 2608 854 120 nous le deuons a crois

434 2696 861 120 tre sur le conte qͥ ẽ aue

434 2780 896 124 nant alestage se la lune

430 2869 879 123 eust estes ou cõmẽcem̃t

427 2957 907 127 dela cheuille. ⁊ si ẽ remes

427 3038 857 113 des gͣ qui ne se depart

427 3133 826 113 mie sur .13. regarde se

430 3211 925 177 les degres sont a. se leur

1429 2004 833 120 lai essaie ⁊ il mest ve

1450 349 816 99 pren .i. iour. et sil sont

1454 419 850 120 moins si les lesse. ⁊ puis

1447 522 875 120 apres regarde le iour de

1447 603 843 124 la goute ⁊ ainsinc laꝑpe

1443 691 872 127 illes les eures que soirt

1450 787 879 112 le gͣ le g͛minant en leu

1443 871 823 106 re de la goute le lieu

1440 956 833 113 de la lune en leure de

1440 1044 847 120 la natiuite . ⁊ le conte qͥ

1440 1132 935 103 cest liure il ẽ en uoie pro

1440 1221 822 109 cheine. car tel fois est

1440 1309 889 116 que tu iacroistras eures

1440 1408 882 106 ou tu i am͛meras au͛ la

1436 1492 840 113 longement des eures

2294 1461 575 158 du point de lagou

2329 1570 364 134 te de eures

1433 1566 829 124 du point de la natiui

1436 1655 879 116 te. Et les sages qui

1433 1746 840 99 uinrent apres enoc

1436 1831 900 117 li ostroierent en ces ba

1429 1919 840 113 lances ⁊ moi meesmes

1429 2099 819 106 nus amein. mes que

1429 2188 815 123 tant que cel fois qui

1422 2283 847 106 li cõuient .1. de .2. ap

1418 2368 805 109 ꝑeillemens. ⁊ qnͣque

1433 2449 811 120 nous auons dit cest

1426 2537 864 113 uoir en ceus qui sont

1426 2625 818 110 ne en tour .9. mois

1418 2710 957 109 que sont le plus des gens

1418 2795 865 127 mes il ẽ tel fois que le

1418 2890 865 109 ne ẽ ne ou mois .1 ͤ. ou

1422 2968 752 112 ou mois vnzieme.

1362 3063 505 99 c rr tera

1581 3148 427 102 menteurai

1408 3232 776 170 ie les aꝑpeillemens
