3007 4235
1372 70 173 120 67

522 310 843 109 ia des nes de cele t̾re qui

518 395 861 109 ne douient mie morir per

518 487 833 127 glaiue qnͣt le glaiue uen

515 578 826 124 ia sur le pais. sil les ocir

511 656 847 134 ra il tous. la qͣrte cele

511 762 837 116 qui uient depar la reuo

511 854 823 109 lucion du siecle. car il ue

515 928 826 127 noit de ꝑla reuolucion q̃

508 1030 843 109 aucune maladie deust a

511 1108 851 116 uenir aucune pas cõneu

504 1192 837 113 a tout ce meesmes quil

508 1277 829 117 nest mie en la natiuite

504 1369 823 102 delome quil deust estre

504 1443 893 131 malade en cele enuee seli

497 1542 861 123 auenra la maladie car le

490 1630 865 113 ꝑticuler ne destorbe mie

494 1708 882 130 la ꝯmuunite. le .qͤ. cest

497 1806 844 110 cele qui uient de ꝑ le lig

501 1891 847 113 nage. car fil sont .2. nes

501 1976 882 120 en une eure ⁊ en vn pais

497 2061 826 112 ⁊ li uns fust fieus de se

497 2152 815 127 nechal ⁊ li autres fust

494 2237 818 124 fieus sers seruans ⁊ il

497 2329 837 123 fust en la force de leur

501 2417 833 127 natiuite quil montassẽt

497 2498 875 124 a haut degre ⁊ a segnorie

497 2583 872 123 souureine. il monteroiẽt

497 2671 854 120 en leur afferant . le fieus

497 2770 815 99 au senechal deuenroit

497 2844 844 120 rois .⁊ le fieus auserf de

497 2932 830 110 uenoit marcheant em

497 3013 840 131 plorant. la .gͤ. ẽ la cõ

501 3112 854 120 munite qui uient de par

497 3197 837 155 roi car sa force si ẽ com

1503 321 829 106 force de ꝯmunite. Car sil

1499 402 879 116 estoit en la natiuite du roi

1507 494 878 116 quil deust estre en bataille

1499 589 865 120 il tuairoit asses domes en

1496 663 829 134 bataille qui ne seroit en

1489 758 822 124 la natiuite de uns deus

1492 847 840 119 q̃ nul se deust remuer de

1492 942 844 106 son lieu. Et .a. de par

1496 1019 903 124 la nature. Car se un home

1499 1118 830 106 entroit en yuer en mer

1496 1203 882 106 en nef. ⁊ la mer alast tor

1496 1284 822 106 mentant. a tout ce mees

1499 1369 805 109 mes quil metroit ou gͣ

1492 1457 816 113 g̾minant uipit̾ ou uen

1489 1549 900 120 que cesont bones estoiles

1489 1637 858 99 si ne sera il mie garanti

1489 1718 875 113 car la nature cest la com

1489 1817 854 106 munite ⁊ la chose ꝑticu

1489 1898 896 110 lere quil a elite ne li uan

1492 1983 883 116 ra mie ⁊ ainsinq̃s mil ho

1492 2071 840 117 mes sont noie en mer.

1485 2163 844 106 ⁊ on ne trouuoit pas en

1485 2248 872 123 la natiuite de mil deus qͥl

1485 2343 925 113 deussent morir en tel an.

1492 2431 844 117 mes il ẽ troue en la nati

1489 2516 826 116 uite de chascun deus q̃

1485 2600 907 113 doit ataindre uns de por

1489 2689 910 120 tans uie en lieu ꝑillieus.

1489 2773 843 120 ⁊ sil ne fust en la mer q̃

1482 2858 879 124 cest lieu ꝑilleus il li aue

1492 2957 886 109 inst vn peu de annages

1485 3038 844 110 ⁊ en fust garantis. La

1478 3126 893 113 gͤ. la cõmuunite qui uient

1482 3197 914 162 de ꝑ la force delarme. cest
