2895 4160
1522 86 97 111 70

637 402 864 114 en leure de la natiuite ⁊

637 478 909 125 com son conte deuons nous

641 572 846 104 me tre une des cheuilles.

651 644 853 122 et aces balances se sõt

637 734 833 118 supuie li sage dastrono

641 821 874 128 mie. ⁊ ele sont balances

637 911 822 118 fauses. car ie lai essaie

641 998 829 118 en uaissiau de couire en

634 1081 853 115 t͛in asses defois q̃  ie ai po

631 1164 842 108 rtoie leure de la natiui

631 1244 825 121 te ⁊ ie nai mie trouue

627 1317 808 135 le gͣ dune descheuilles

631 1417 842 111 com le conte de degres

631 1504 818 114 du pootif. et ie pensai

627 1591 843 121 en moi mesmes que es

631 1688 832 97 poir le mesprison teno

631 1764 849 118 it en sauoir le pootif. ⁊

627 1847 863 118 ie. afaitei moi meesmes

627 1930 849 111 les autres planetes et

627 2017 832 115 ie ne trouuai mie nes

624 2100 856 125 planetes nes luisernes

624 2187 842 118 que fust son degre com

624 2274 880 124 le gͣ dune des cheuilles.

627 2357 843 125 ains iauoit en leure de

624 2433 839 128 la natiuite de mespͥson

631 2530 818 128 plus que le tiers dune

627 2620 867 125 eure pource mest il cler

631 2707 839 111 que ces balances sont

624 2783 932 139 mes prison ⁊ ment. Ier

627 2873 874 125 res ramnentit vns sages

624 2953 887 139 dinde .3. balances autres

631 3040 814 128 ⁊ tretoutes enportera

631 3123 842 180 le uent. Et le uoir si

1601 2814 846 136 sa mere lestage moien

637 273 881 153 regarder le quel ẽ pluspres

1608 301 964 142 sont les balances de enoch.

1598 409 912 121 fors que tans quil i cõui

1598 492 898 128 ent .2. aꝑpeillemens car

1601 578 857 115 ainsi lauie essaie asses

1598 658 315 115 de fois.

1563 745 967 135 c E dit enoch tousiors

1750 842 683 111 en la natiuite delo

1601 925 884 118 me le lieu de la lune en

1598 1005 849 121 leure de la natiuite cest

1605 1095 856 125 le gͣ qui g͛mine en leure

1601 1175 850 131 du descendement de la

1591 1268 811 115 goute. ⁊ le degre que

1594 1355 822 118 g͛mine en leure de la

1598 1435 926 128 natiuite illuec fu la lune

1591 1521 898 115 en leure de la gcurce sur

1594 1605 916 117 ce se nous sauons leure

1598 1691 912 108 de la goute: nous sauons

1598 1778 884 118 leure dela natiuite . Et

1594 1861 829 111 se nous sauons leure

1594 1955 853 111 de la natiuite nous po

1594 2038 826 107 urons sauoir qnͣt fu

1594 2111 905 125 leure de la goute. ain

1591 2204 856 122 si deuons nous faire

1594 2291 881 125 en leure de la natiuite

1594 2385 850 104 se lalune est desur t͛re

1598 2468 860 107 ou ele est de sons. et se

1601 2548 850 110 nous la trouuons ou gͣ

1598 2638 870 114 g͛minant nous sauons

1598 2728 842 111 q̃ lene a este ou uẽtre

1591 2908 877 114 que ce sont .23. iours

1601 2988 867 132 Et se la lune ẽ ou de

1594 3081 857 118 gre qui encline son es

1598 3165 887 156 tage est lestige court
