3007 4235
1376 84 159 127 69

155 1097 240 148 faitier

508 324 857 120 et deuons querre le poos

504 402 861 127 teif du gͣ. ⁊ ce querront

508 504 864 113 nous du sire de la meson

504 582 861 113 ⁊ le sire de lonneur. et

501 670 854 117 le sire de la triplicite ⁊

504 758 837 117 le sire du t̾mine. et

504 854 844 123 le pͥnce des faces ⁊ deu

504 931 861 120 ons en cerchier le quel

508 1016 879 127 a plus gnͣt pooste deses

508 1122 864 109 compaignons a aforci

501 1203 889 120 er son lieu en contre le

501 1295 864 113 cercle des signes ꝑ les

504 1386 854 103 tables de la faitemẽt.

504 1464 851 106 ⁊ il ẽ auenant aestre

501 1549 861 106 le conte des degres de

497 1634 844 102 lune des cheuilles cõ

501 1722 843 120 le conte deses degres

504 1817 833 102 en son signe. ⁊ les sa

504 1891 826 124 ges qui uinrent qui

511 1972 837 124 uinrent apres li si sõt

501 2078 833 99 triboules. car il ia tes

501 2152 815 113 qui dient que sele po

501 2241 871 123 otif est plus pres de la

504 2336 897 109 meson. 10 ͤ. que du degre

504 2417 883 116 g̾minant nous deuons

515 2516 836 109 metre le comẽcement

504 2586 904 127 de la ligne de la moitie

501 2678 847 113 de cieus com le conte

504 2773 840 113 des cieus. ⁊ de li porr

497 2855 844 116 ons nous traire le degͤ

501 2946 836 110 g̾minant. ainsi com il

501 3020 889 131 est esplane ou liure des

497 3119 886 117 tables. et ausinques

504 3208 868 165 sil fu pres ala meson qͣr

2403 705 466 138 delopporte ⁊ la

1496 324 900 106 te fors que sil estoit pres

1496 405 914 120 plus ala cheuille p͛miere

1496 501 914 106 ou la cheuille le samblant

1492 585 872 106 que cest le cõmẽcement

1499 674 848 113 de la natiuite entre le

1496 758 847 110 t̾me de la cõuinction

2407 804 141 117 t̾me

1510 843 868 109 nous deuons traire les

1496 931 889 124 degres delopposite enbi

1496 1016 900 120 en pointoier et de uous

1492 1108 844 113 regarder le pootif sur

1492 1199 844 106 le degre ⁊ faire com le

1492 1270 879 131 droit qui est escrit ⁊ ius

1492 1379 879 106 ques ci se sont triboule

1496 1461 900 109 cil qui sont venu apres

1496 1538 851 113 li. Il ia tes qui dient

1496 1637 879 113 que tous iours doit on

1496 1718 840 117 penre les degres de la

1496 1810 879 99 lune. soit ele desous ter

1496 1891 854 117 re soit ele desus en leu

1496 1976 900 123 re delopposicion. et au

1503 2061 858 127 tre si ont dit q̃ tous iors

1492 2156 865 120 deuons nous penre le

1499 2251 830 113 degre de la luiserne qͥ

1492 2336 879 116 ẽ sur terre euleure de

1496 2417 829 120 la natiuite. Et ber

1499 2502 851 113 telemeyos dit en core

1492 2586 816 127 que les . 2. luisernes

1496 2689 829 102 sont p͛uos sur lome ⁊

1499 2763 848 116 pource deuons nous

1492 2837 883 134 peure le conte dune des

1492 2932 830 134 cheuilles cõ le conte

1489 3010 896 138 du gͣ le poetant ⁊ ainsi

1489 3105 907 117 deuons nous faire tous

1496 3204 805 155 iors. nous deuomes
