2943 4160
659 318 829 111 deciples ie menuois ꝑ les

659 391 850 135 traces as sages des signes

659 495 847 104 a esplaner les les choses

662 578 826 111 des nes ꝑ la uoie des .12.

666 669 330 104 mesons.

801 734 739 132 a p͛miere meson si en

801 842 701 107 segne sur larme ⁊ le

666 922 791 111 sauoir ⁊ lentillement

662 994 826 115 ⁊ la creance ⁊ le cors et

666 1088 815 121 la uie delome. Et .b.

666 1171 874 132 que nous deuons meller

666 1268 829 115 la nature du signe qui

669 1365 837 108 g͛mine auec la nature

666 1445 819 97 la ou le ne est ne. Car

669 1514 899 125 sele tans est chaut ausinc

673 1615 939 111 com en iour deste et le ne

673 1698 857 101 est ne ou qͣrt secont du

676 1774 847 111 ior que cest de midi ius

676 1858 826 114 ques ala nuit. donq̃s

673 1944 826 108 en segn͛a il qui la natu

676 2031 875 114 re du ne sera mout cha

676 2118 833 111 ude en u͛s le lieu de sa

683 2201 840 111 region ou il sera ne. ⁊

680 2291 833 114 ausi ẽ le droit sur les

687 2378 895 124 iors du froit. ⁊ le signe

680 2475 847 111 que g͛mine est des fro

683 2558 861 114 is. ⁊ il est nes de nuis.

683 2638 833 111 ⁊ ausinc ẽ le droit des

687 2721 840 114 iors de la moiteur et

687 2814 812 101 de la secherece. Et

687 2877 878 128 enoc dit q̃ nous deuons

683 2970 840 111 regarder tous iors ala

687 3057 829 121 nature du signe qͥ ger

694 3144 815 166 mine. ⁊ la nature du

1644 1615 872 121 toile que la lune sera auec

149 1341 281 173 du tans

1617 332 923 90 signe de la meson si regrar

1624 402 798 107 de ou degre lascẽdent

1624 492 857 121 en .i. des regars ou au

1620 585 847 108 sire de lonnour ou au

1627 665 833 115 sire du t͛mine ou ala tͥ

1627 759 844 111 plicite ou au sire des fa

1627 842 802 121 ces. ⁊ deuons meller

1627 925 812 108 auec la nature du sig

1631 1012 937 111 ne la nature du poostãt.

1631 1095 864 125 ⁊ .f. se fu estoile ou sig

1631 1185 982 128 ne g͛minant nous deuons

1641 1275 854 111 meller sa nature auec

1638 1352 857 114 la nature du poostant.

1638 1445 826 111 Et ausi deuons nous re

1631 1532 846 111 garder ala nature de les

1634 1702 868 107 li. ⁊ le signe la ou ele est.

1638 1781 895 115 ⁊ ierres le t͛mine. ⁊ ierres

1641 1861 864 104 les regardans ali. ⁊ auer

1645 1944 867 115 sa ꝓporcõn au soleil. Et

1620 2031 889 128 .b. que nous deuons mel

1641 2118 836 118 ler auec le signe qui ger

1645 2208 878 128 mine la figure qui monte

1641 2298 871 125 auec le g͛minant deuers

1638 2398 836 104 oriant de . 36. figures qͥ

1645 2475 819 100 sont hors du pourceint

1645 2554 857 132 de hymaginacion du cer

1651 2645 896 128 cle. Et ie di q̃  nous ne

1655 2731 840 111 nauons pas mestier de

1651 2818 865 121 ces figures car eles sont

1648 2894 882 118 loins delabitable. ⁊ sont

1651 2981 865 121 hautes t loins de nous

1655 3074 843 125 ⁊ le uoir si ẽ com les pa

1658 3154 896 180 roles deenoc. Et dit .b.
