3007 4235
1397 70 201 88 66

536 324 847 113 satur ⁊ iupitͬ de tͥplicite

529 409 854 141 a triplicite iusques quil

539 522 819 113 retorgnent a leur heu

532 585 876 127 le p͛mier  se sera en. 960

532 684 858 106 ⁊ ꝑtie dun ans. ⁊ 22. me

539 769 833 120 mis p͛mier ⁊ 16. secons.

539 864 399 102 ⁊ .ij. tiers.

688 914 674 148 Gierres cu dois me

684 1019 748 113 ner la cõuinction mo

536 1101 843 127 ienne q̃ cest la tnͣslacion

532 1203 890 113 des ramenteus de tͥplicite

529 1288 921 120 a tͥplicite. ⁊ cesera en. 280

525 1365 858 120 ans ⁊ la ꝑtie dun an. est

522 1468 889 113 .i. degre. ⁊ 29. menus pre

529 1549 713 109 miers et .8. secons

667 1616 723 134 G ierres tu dois me

677 1722 717 113 ner la cõuinction pe

525 1803 844 116 nte en la tnͣslacion des

525 1888 858 116 ramenteues de signe ꝯ

525 1983 858 113 signe es mesons de la tͥ

525 2068 897 113 plicite ⁊ ce sera chascun

532 2152 907 113 .20. ans. en uoie ꝓcheine

532 2233 855 120 ⁊ la ꝑtie dun an est. 28.

522 2315 706 134 gͣ en uoie ꝓcheine.

674 2392 769 138 G meinemens autres

681 2488 681 112 est encore en la na

522 2576 854 113 tiuite delome ⁊ es reuo

522 2675 833 109 lucions dennee du sie

518 2745 854 124 cle. et cest que tu dois

518 2840 826 124 mener du gͣ lascendent

518 2929 851 120 a cors destoile ou au re

515 3013 861 113 gart de sa clarte a signe

518 3091 847 124 seu ou a degre seu chas

518 3179 840 156 cun an .i degre. Et

137 966 39 96 e

1514 338 811 89 le meinement de sors

1514 402 847 116 ⁊ le rebours des signes

1517 501 844 120 ẽ com a ramenceu .b. ou

1521 589 840 123 liure du fruit . Or sont

1524 674 830 120 de fine .h.10. chapitres

1521 772 847 96 de ce liure loenge a celi

1524 854 812 116 sire qui a estendu les

1521 931 462 110 ans. amen.

1531 1002 876 134 Ci define li liures du

1528 1104 875 124 ꝯmencement de sapiẽce

1524 1192 840 120 que fist abraham euen

1531 1295 837 99 azre. ou aezera qͥ e iͥt̾p̾

1528 1372 861 110 ces maistre de aide que

1524 1450 826 113 tnͣslata. hagins li iuis

1517 1535 868 116 de ebrieu en romans et

1517 1616 851 123 obers de mondidier es

1517 1704 837 120 cruioit le romans ⁊ fu

1514 1789 896 123 fait amalines en la me

1517 1873 861 131 son sire henri bite ⁊ fu

1514 1972 885 113 fines len de grace . 12a3.

1517 2061 826 116 lendemein de la seint

1521 2142 826 113 thomas lapostre. or

1514 2223 875 123 cõmence son liure des iu

1514 2322 889 120 gemens des natiuites.

1718 2413 653 106 E dist nostre mai

1729 2484 614 120 stre abraham le

1732 2576 678 120 sage lauertissant

1517 2660 861 124 que tout sage que sen

1517 2752 826 117 tremet du sens des iu

1514 2826 822 127 gemens des signes ⁊ il

1514 2911 843 131 ne set mie de la sapiẽ

1514 2999 875 117 ce souuereine il est tel

1510 3088 861 123 fois que ses iugemens

1510 3172 840 170 sont faus pource quil

119 1662 46 106 e

134 2438 17 205 e
