2895 4160
83 291 485 125 car se le ne est

90 381 426 132 sages serf

637 298 860 121 le sens des signes ⁊ il aueu

641 395 835 107 en la reuolucion desannes

634 474 863 115 quil doit auenir maladie

624 558 846 121 ꝑ chaline en tans seu qnͣt

631 648 828 121 entre mars a son degre

631 731 821 114 le g̾minant ⁊ dont il se

631 821 842 111 garde de tous mengiers

631 908 832 114 chaus auant q̃ uiegne

631 994 814 108 la maladie ⁊ beura beu

631 1071 897 121 rage arefroidier son cors

627 1157 863 115 a donc sera droite la na

627 1237 818 121 ture de son cors qnͣt en

627 1327 832 118 t̾ra mars en son degre

624 1407 821 121 le g̾minant. Et ainsi

627 1504 877 114 cil qui se fie ẽ dieu en to

627 1584 895 114 ut son cuer. dieus li tour

627 1664 843 114 ne tours ⁊ de uant li sõt

624 1750 828 115 aꝑpeillies oeures occasi

627 1844 870 121 ons ali garantir du dama

624 1944 842 108 ge qui li doit auenir ꝑ sa

631 2024 852 108 natiuite. Car il ni a point

624 2100 887 118 de soupecion que le iustes

624 2187 852 111 ẽ mieus gardes que le sa

620 2274 856 124 ge en astronomie . car as

617 2367 825 108 ses de fois se triboulẽt

624 2454 842 114 sur li li iugement dastro

627 2534 825 118 nomie ausinc cõ il ẽ dit

620 2631 818 104 ⁊ deuineur entremelle

620 2714 822 104 et beneure celi qui a son

627 2794 825 104 cuer encerin en samble

627 2877 357 121 son dieu.

769 2967 704 107 T apres que iai ram

776 3043 673 118 enteu ces choses ie

620 3130 815 139 ramenteurai ce que li p̾

1601 315 864 90 nner ont assaie. ⁊ pource

1601 398 825 111 que sont troue asses de

1605 478 811 111 liures sans fin du sens

1605 565 804 128 des iugemens des sig

1598 662 846 104 nes. ⁊ il ia en eus asses

1594 738 850 114 ̾̾ꝑoles que li corages des

1601 825 926 117 ment. ⁊ il ia illuec bestent

1598 915 867 111 entre les iugeurs des sig

1601 998 867 111 nes: couient il que ie ra

1601 1088 884 111 mentouie en ce liure tou

1594 1168 864 114 te chose a quoi sest a corde

1598 1254 818 115 le sauoir des anciens. ⁊

1591 1338 832 114 que ierres ie meesmes

1591 1438 815 104 ai essaie asses de fois.

1549 1490 881 142 L Es balances de la

1768 1598 794 124 natiuite ber celennyus

1594 1681 895 111 dit que nos poons sauoir

1594 1761 812 114 le degre qui g̾mine de

1591 1851 842 104 la uoie de ses balances

1594 1934 912 121 qui est apelee ou langaige

1594 2024 829 104 de ꝑsce nimodar ⁊ ce a

1587 2093 833 125 il ramenteu ou liures

1591 2197 835 111 de quatre chapitres ⁊

1594 2284 923 114 ierres ou liure de larbre

1594 2371 850 114 ⁊ ierres ou liure de de

1598 2450 860 108 uin le petit.  ainsi dit

1598 2541 867 111 il nos deuonsmes regar

1591 2631 867 100 der si la natiuite fu en

1598 2717 860 108 tre le t̾me de la coioncti

1591 2801 846 107 on des luisernes. ⁊ en

1601 2880 846 118 tre le tans de lopposite.

1594 2967 829 104 ⁊ deuomes querre les

1591 3054 818 111 degres de la cõinction

1594 3147 933 139 qui fu aincois la natiuite
