2895 4139
621 289 866 97 ne se garde mie des choses

621 372 848 100 de quoi il se doit garder. ⁊

617 469 842 103 en cõmun oit que les uige

614 551 824 121 mens cõuruns destorbẽt

614 638 835 117 les ꝑticuliers. ⁊ ie remen

617 724 873 121 teurai de eus .s. uois. la

617 814 863 113 p̾miere si ẽ quil doit sauo

617 900 808 114 ir dune de quel gent il

614 983 866 113 ẽ. car sil est iuis ⁊ il a ueu

614 1065 824 107 en la tirement des estoi

617 1148 814 114 les de sa natiuite a estre

614 1234 852 111 rois il nest pas drois que

614 1314 831 117 ou le iuge ainsi. pource q̃

610 1400 821 117 la cõuinction la grande

614 1483 817 117 q̃ cest la cõuinction de sa

614 1569 849 117 tur ⁊ de iupitͬ il apaͤrt de

614 1652 862 117 li a estre sagent enchaiti

617 1731 811 121 uoison. ⁊ ceste force de ꝑ

614 1814 866 127 ticuler ne dort mie destor

617 1900 842 124 ber la cõmunite. ainsi

621 1986 810 124 ne ẽ il drois quil doit iu

617 2076 835 114 gier que le ne sera auec

621 2159 814 114 rois. ⁊ se mellera auec

621 2245 810 114 eus et sentremetra de

614 2321 814 124 leur a faires mes il ne

621 2407 890 121 sera pas rois li meesmes.

631 2500 832 111 Et ausine sil trouuoit

621 2573 879 127 satur. en la natiutte dun

621 2669 873 114 iuif en la meson .ꝯͤ. il nen

627 2748 853 121 segne mie que la creance

624 2835 832 117 du ne sort en sa loi fer

624 2917 818 114 me. mes sil estoit ainsi

624 3004 821 124 en la natiuuite dun sara

624 3097 832 172 zin ainsinques auẽroit

1580 313 835 128 il. Le secont si ẽ de ꝑ

1587 389 807 135 les regions. car celi qui

1583 475 835 149 seroit nes en la t̾re des

1587 569 807 120 meurs a tout ce mees

1587 662 804 127 mes que seroit uenus

1580 745 821 113 auec la lune en gͣ gmi

1587 820 818 135 nant ne deuous nous

1590 907 835 124 pas iuigier q̃ soit le ne

1583 993 808 114 bel ⁊ blanc enuers les

1583 1076 822 127 homes que sont en au

1587 1155 828 131 tres regions. mes ain

1590 1241 804 121 sinc sera il en uers les

1583 1327 815 125 homes de sa region. ⁊

1583 1414 842 100 ausi si lestoile qui a po

1590 1496 828 111 liste sur ne si cest m͛cu

1583 1579 849 121 re nous ne deuons pas

1590 1665 818 118 iugier quil sort sages

1587 1748 842 111 en toutes manieres de

1594 1834 835 114 sens car il nauient mie

1594 1907 842 128 a estre que sages au̾tis

1587 1997 880 127 sans soit en la t̾re de kus

1590 2086 859 107 por ce que sesforce la cha

1587 2169 818 110 line du soleil. sur ce ne

1590 2255 825 111 puet estre leur nature

1587 2338 880 117 droite mes tu dois iugier

1587 2428 900 107 quil soit a uroisant enuers

1590 2507 832 124 les homes de son lieu .ii

1604 2593 838 114 L a tierce la cõmutnite

1590 2676 835 114 qui uient de ꝑ la iouste

1594 2759 807 124 ment gnͣt sur chascun

1594 2838 821 121 pais car sil estoit en la

1583 2931 880 124 ꝯuinction que ueniẽt ela

1590 3024 818 104 iie sur vn pais cõneu

1590 3100 846 159 a tout ce meesmes quil

2474 1500 96 183 le
